<?xml version="1.0" encoding="UTF-8"?><collection xmlns="http://www.loc.gov/MARC21/slim"><record><leader>00354nam--2200145-i-4500</leader><controlfield tag="001">000043471</controlfield><controlfield tag="002">20161230</controlfield><controlfield tag="005">20161230201044</controlfield><controlfield tag="008">060222s1000------------r-----000-0-eng-d</controlfield><datafield ind1=" " ind2=" " tag="040"><subfield code="a">IFIN-HH</subfield></datafield><datafield ind1=" " ind2=" " tag="080"><subfield code="a">518.12</subfield></datafield><datafield ind1=" " ind2=" " tag="245"><subfield code="a">Tabele matematice uzuale</subfield></datafield><datafield ind1=" " ind2=" " tag="260"><subfield code="a">BUCURESTI, ED.TEHNICA, 1961. 278 p</subfield></datafield><datafield ind1=" " ind2=" " tag="852"><subfield code="a">8055</subfield><subfield code="c">518.2</subfield></datafield><datafield ind1=" " ind2=" " tag="CAT"><subfield code="a">Sys</subfield><subfield code="c">20090715</subfield><subfield code="h">070510</subfield></datafield></record></collection>